@article{uchiyama2006,
  title={Hierarchical clustering algorithm for comprehensive orthologous-domain classification in multiple genomes},
  author={Uchiyama, Ikuo},
  journal={Nucleic acids research},
  volume={34},
  number={2},
  pages={647--658},
  year={2006},
  publisher={Oxford Univ Press}
}

@book{jaron2013,
  title={Genomic islands in a fungus genome},
  author={Jaro{\v{n}}, Kamil},
  year={2013},
  publisher={Masaryk university}
}
