@misc{uniprot_yeast2013,
	title = {organism:559292 in {UniProtKB}},
	note = {\url{http://www.uniprot.org/uniprot/?query=organism%3A559292&sort=score}, 2013-12-10},
	urldate = {2013-12-10},
	file = {organism:559292 in UniProtKB:/home/slim/.mozilla/firefox/n8dp9dqx.default/zotero/storage/QGVBXZW3/uniprot.html:text/html}
}

@article{uchiyama2006,
  title={Hierarchical clustering algorithm for comprehensive orthologous-domain classification in multiple genomes},
  author={Uchiyama, Ikuo},
  journal={Nucleic acids research},
  volume={34},
  number={2},
  pages={647--658},
  year={2006},
  publisher={Oxford Univ Press}
}

@book{jaron2013,
  title={Genomic islands in a fungus genome},
  author={Jaro{\v{n}}, Kamil},
  year={2013},
  publisher={Masaryk university}
}
